@article{blanchet2016industrie,
	title={Industrie 4.0 Nouvelle donne industrielle, nouveau mod{\`e}le {\'e}conomique},
	author={Blanchet, Max},
	journal={Outre-Terre},
	number={1},
	pages={62--85},
	year={2016},
	publisher={Lâ€™Esprit du temps}
}
@inproceedings{bischoff2010kuka,
	title={The KUKA-DLR Lightweight Robot arm-a new reference platform for robotics research and manufacturing},
	author={Bischoff, Rainer and Kurth, Johannes and Schreiber, G{\"u}nter and Koeppe, Ralf and Albu-Sch{\"a}ffer, Alin and Beyer, Alexander and Eiberger, Oliver and Haddadin, Sami and Stemmer, Andreas and Grunwald, Gerhard and others},
	booktitle={ISR 2010 (41st International Symposium on Robotics) and ROBOTIK 2010 (6th German Conference on Robotics)},
	pages={1--8},
	year={2010},
	organization={VDE}
}
@article{albu2007dlr,
	title={The DLR lightweight robot: design and control concepts for robots in human environments},
	author={Albu-Sch{\"a}ffer, Alin and Haddadin, Sami and Ott, Ch and Stemmer, Andreas and Wimb{\"o}ck, Thomas and Hirzinger, Gerhard},
	journal={Industrial Robot: an international journal},
	volume={34},
	number={5},
	pages={376--385},
	year={2007},
	publisher={Emerald Group Publishing Limited}
}